@ARTICLE{Lazard:2016la,
	author = {Lazard},
	title = {{L}evelized {C}ost of {S}torage Analysis},
	journal = {Report},
	year = {2016},
	}