  @Manual{,
    title = {forecast: Forecasting functions for time series and
linear models},
    author = {Hyndman, Rob J},
    year = {2015},
    note = {R package version 6.1},
    url = {http://github.com/robjhyndman/forecast},
  }